2684 4840
245 243 290 312 ιι
408 242 554 329 eppone.
581 241 607 310 ι
628 193 766 310 neom.
787 209 1019 354 uujccpm.
1041 254 1123 308 ιιι.

314 419 361 476 io.
381 413 485 493 Neque
501 417 619 490 dubito,
641 419 710 494 quin
727 417 874 498 ingenioei
888 427 977 494 utque
993 417 1072 478 docti
1085 397 1287 488 idatbemetici

40 500 44 510 ’
129 549 131 554 .
246 501 319 563 mibi
341 503 548 579 edetipulaturi
569 505 648 576 rint,
675 505 718 575 ri,
749 502 826 580 quod
849 502 923 564 baec
944 501 1143 580 pbiioropbia
1152 505 1285 578 inprimit

245 591 360 668 exigit,
387 607 448 648 non
471 589 585 661 obiter,
613 587 666 648 ced
685 591 800 665 penitus
825 605 878 662 eo,
905 604 984 666 quae
1005 589 1043 647 cd
1064 589 1167 648 barum
1187 603 1286 647 rerum

246 673 564 736 demonstrationem
586 693 632 732 me
654 675 686 732 in
704 673 760 732 boc
778 691 868 750 opere
890 675 1081 770 adferuntur,
1107 693 1287 754 cognoeeere

246 769 336 836 atquc
350 761 515 838 expendere
524 749 683 818 ooioerint.
717 758 761 818 Ut
768 777 841 818 vero
855 763 969 836 pariter
982 743 1063 819 doc'ti
1074 771 1162 838 etque
1173 759 1286 826 indocti

245 845 401 919 riderent,
431 865 485 917 me
510 847 664 904 nulline
688 847 843 908 omniuo
869 846 1152 950 subterfugere
1174 847 1285 924 jodi-

121 917 156 1002 ’ἶ,
247 935 366 1004 cium,
395 934 485 990 moini
508 941 577 992 tuae
596 931 758 990 Senctiteti
781 947 868 1008 quem
892 935 996 1009 cuique
1017 933 1105 990 altori
1127 932 1183 996 bac
1206 949 1286 992 mene

160 1029 166 1040 ·
245 1017 462 1079 lucubrationes
481 1017 632 1090 dedicere,
654 1027 810 1094 propterea
828 1017 905 1094 quod
919 1029 950 1076 et
966 1019 998 1076 in
1015 1017 1071 1076 boc
1090 1019 1285 1078 remotissimo

244 1113 344 1161 terrae
360 1107 487 1182 angulo,
507 1105 540 1162 in
556 1121 614 1180 quo
628 1123 684 1182 ego
700 1122 775 1182 ego,
796 1103 908 1164 ordinio
924 1103 1116 1182 dignitatem
1133 1094 1287 1162 literarum

241 1191 376 1260 ⁴onmium
388 1199 478 1266 atque
486 1189 708 1249 mathematice
721 1192 811 1250 etiem
824 1205 925 1250 amore
939 1191 1182 1250 emiuentiecimuo
1195 1189 1285 1246 babe-

245 1277 324 1350 ario,
344 1276 482 1336 utfeoile
497 1286 548 1334 tuo
561 1277 739 1334 auctoritate
754 1285 785 1334 ct
793 1277 905 1351 juditio
918 1277 1160 1336 calumniantium
1171 1293 1286 1334 mortuo

153 1411 156 1417 .
244 1363 405 1438 reprimere
425 1362 536 1436 porcio,
563 1361 618 1416 etei
639 1361 670 1416 in
689 1359 844 1433 proverbio
867 1361 923 1432 sit,
950 1381 1024 1420 nou
1050 1381 1137 1420 eece
1162 1379 1286 1421 reme-

246 1447 346 1506 dium
374 1443 566 1508 edverruc
595 1443 871 1552 aycophautae
899 1462 1069 1506 morsura

239 1568 243 1577 ‘
313 1583 358 1638 11.
377 1578 412 1637 Si
432 1563 666 1640 iortoeoeerunt
686 1573 886 1653 μἀταιόλιγιι,
919 1581 982 1655 qui
1010 1599 1090 1641 cum
1116 1585 1288 1642 omnium

202 1685 211 1708 ·
244 1665 548 1728 biothenatum
540 1665 675 1744 ignari
695 1666 792 1736 rint,
820 1673 947 1724 tamen
967 1665 1010 1724 de
1030 1667 1117 1725 1111ι
1136 1667 1288 1740 judici

141 1809 142 1816 ,
245 1771 302 1810 ιιι
322 1750 398 1826 eibi
419 1761 587 1823 eumont,
609 1759 765 1834 propter
787 1751 953 1824 aliquem
973 1753 1093 1809 locum
1113 1752 1288 1826 ucriptu-

243 1856 310 1896 rec
345 1840 444 1896 mele
481 1838 527 1897 ad
565 1855 676 1908 suum,
705 1836 956 1914 propositum
997 1834 1193 1897 detortum
1221 1837 1289 1890 cusi

187 1935 189 1944 ’
244 1924 356 1982 inerint
374 1941 472 2004 meum
492 1923 549 1982 hoc
566 1925 732 1982 institutum
748 1919 962 1996 reprehendere
980 1939 1015 1979 ac
1037 1921 1196 1992 inscctari,
1217 1920 1288 1978 iilos

246 2009 321 2067 nihil
340 2029 456 2081 moror,
485 2009 558 2068 odeo
580 2018 620 2066 ut
651 2009 767 2066 etiam
792 2008 951 2068 illorum
975 2007 1170 2084 iudicium
1199 2013 1287 2062 teu-

247 2094 635 2172 qucmtemererium
657 2101 906 2152 contemnem.
949 2091 1017 2152 Non
1038 2094 1117 2152 enim
1133 2091 1289 2150 obscurum

156 2195 172 2270 ι·
247 2189 310 2254 ert,
330 2179 595 2251 Lectontium,
609 2177 762 2246 ,celebrem
776 2179 886 2252 alioqui
902 2179 1087 2252 scriptorem,
1106 2177 1157 2236 red
1170 2175 1289 2258 Motho·¹

245 2267 385 2327 maticum
397 2285 524 2367 perum.
524 2263 678 2324 admodum
689 2264 841 2338 pueriliter
855 2263 891 2320 de
899 2264 994 2324 forma
1004 2273 1103 2332 terroe
1115 2265 1207 2347 loqui,
1222 2281 1288 2318 cum

246 2353 360 2412 deridet
381 2373 451 2426 eoa,
477 2353 527 2428 qui
545 2361 656 2410 terram
672 2350 753 2428 globi
772 2349 896 2407 formam
915 2348 1022 2406 hebere
1042 2349 1283 2451 prodiderunt.-

251 2439 299 2494 12.
318 2437 423 2516 itaque
439 2457 499 2498 non
517 2437 603 2498 debet
619 2439 726 2496 mirum
740 2435 834 2493 videri
850 2433 1005 2507 studiosis,
1027 2437 1052 2492 si
1072 2435 1122 2511 qui
1140 2437 1215 2492 tales
1234 2451 1286 2491 nos

246 2524 337 2582 etiem
367 2505 514 2588 ridebunt
571 2519 811 2581 Mathemete
846 2518 1161 2580 Mathematicie
1182 2519 1286 2578 ecri-

158 2631 159 2638 ¹
245 2607 292 2665 bn
303 2618 408 2682 ntur,
430 2610 534 2687 quibus
549 2609 635 2666 ethi
632 2609 736 2666 nostri
740 2601 926 2680 laborer,
903 2625 928 2666 ιι
944 2627 990 2664 me
1005 2625 1065 2664 non
1079 2605 1160 2664 fallit
1175 2605 1286 2680 opinio,
1278 2644 1293 2673 „

245 2693 423 2753 ridebuntur
448 2697 562 2754 etiam
582 2693 840 2770 Reipublicae
863 2694 1169 2752 ecclesiasticae
1194 2709 1286 2747 con-

246 2781 387 2840 ducere
416 2777 593 2859 aiiquid',
631 2785 711 2856 cujus
730 2780 931 2855 ,principatum
955 2787 1007 2837 tua
1028 2773 1287 2862 vS'onffternunc

244 2875 336 2924 tenet.
381 2865 456 2928 Nam
478 2885 537 2925 non
559 2868 602 2924 ite
621 2869 713 2924 multo
734 2874 804 2920 ente
823 2862 875 2920 cub
893 2864 1021 2922 Leone
1042 2863 1084 2922 X.
1105 2865 1137 2932 in
1155 2861 1288 2920 Concilio

245 2949 438 3011 beterenenoi
470 2952 643 3012 vertebatur
671 2951 803 3026 quaestio
836 2948 873 3006 de
902 2949 1081 3007 emendando
1112 2947 1287 3006 Calendario

246 3040 466 3109 ecclesiastico,
496 3053 570 3111 quae
591 3046 654 3094 tum
669 3034 799 3092 indecisa
819 3033 894 3090 hene
913 3035 1093 3094 solummodo
1112 3035 1149 3092 ab
1170 3037 1288 3092 cerium

245 3125 370 3194 mansit,
392 3121 469 3200 quod
487 3139 629 3182 annorum
647 3131 677 3178 et
693 3122 835 3178 mensium
847 3123 1082 3200 ,magnitudinem
1105 3131 1194 3197 atque
1208 3119 1286 3178 Solio

246 3218 278 3266 et
299 3207 398 3266 Lunae
421 3217 518 3267 motus
540 3209 668 3289 nondum
691 3207 763 3265 ratio
786 3206 908 3264 dimensi
929 3207 1115 3266 haberentur.
1158 3205 1208 3264 Ex
1232 3223 1287 3282 quo

246 3291 381 3370 equidem
400 3302 532 3371 tempore
547 3295 600 3354 *hic
621 3294 787 3372 accuratius
806 3291 995 3352 observandir
1017 3295 1145 3352 animum
1162 3292 1286 3360 intendi,

246 3379 412 3443 admonitue
437 3397 456 3438 e
478 3381 662 3457 praeclarior.
682 3381 748 3436 viro
770 3375 809 3435 1).
824 3377 959 3452 Paulo,
989 3381 1125 3456 epiecopo
1148 3375 1285 3454 Sempro-

245 3468 358 3541 nionei,
387 3467 438 3544 qui
458 3475 524 3537 turn
540 3467 593 3524 inti
615 3466 734 3542 negotio
755 3473 900 3540 praeerat.
945 3465 1022 3530 Quid
1043 3473 1141 3522 eutem
1159 3463 1285 3540 praeiti-

114 3539 119 3544 ’
166 3610 168 3616 ,
204 3573 208 3584 ⁴
245 3555 333 3610 terim
356 3571 391 3610 ec
414 3554 446 3612 in
469 3570 521 3623 re,
544 3562 621 3612 tuoe
647 3550 822 3610 Sanctitatie
847 3551 1021 3627 praecipue,
1051 3559 1140 3626 atque
1158 3551 1285 3609 omniurn

245 3641 370 3698 aliorum
391 3639 544 3700 doctorum
565 3637 840 3696 Methmcticorum
855 3636 966 3712 iudicio
989 3636 1144 3712 relinquo,
1173 3645 1224 3707 et,
1250 3653 1284 3692 ne

245 3725 330 3798 pluro
352 3724 390 3782 de
416 3726 547 3784 utilitate
573 3725 669 3802 operio
696 3722 869 3800 promittere
895 3731 965 3780 tuce
989 3721 1150 3782 sanctitati
1172 3721 1285 3791 videor,
1333 3749 1334 3752 ¹

245 3827 331 3884 quom
349 3822 500 3886 praeetere
514 3812 640 3890 poesim,
661 3827 738 3868 nuno
757 3807 795 3866 ad
810 3807 977 3868 institorum
992 3817 1119 3868 ιιιιιιιι.

625 4060 913 4078 mutan-„unan-
